<?xml version="1.0" encoding="UTF-8"?>
<record xmlns="http://www.loc.gov/MARC21/slim" xmlns:xsi="http://www.w3.org/2001/XMLSchema-instance" xsi:schemaLocation="http://www.loc.gov/MARC21/slim http://www.loc.gov/standards/marcxml/schema/MARC21slim.xsd">
<leader>     cam a2200301 a 4500</leader>
<controlfield tag="001">002974256</controlfield>
<controlfield tag="003">NNU</controlfield>
<controlfield tag="005">19940713181853.0</controlfield>
<controlfield tag="008">890330s1931    ua af         000 0 ara d</controlfield>
<datafield tag="035" ind1="9" ind2=" ">
<subfield code="a">NYUb10703724</subfield>
</datafield>
<datafield tag="035" ind1=" " ind2=" ">
<subfield code="a">(CStRLIN)NYUG89-B10519</subfield>
</datafield>
<datafield tag="035" ind1=" " ind2=" ">
<subfield code="a">GLIS007037243</subfield>
</datafield>
<datafield tag="040" ind1=" " ind2=" ">
<subfield code="a">NNU</subfield>
<subfield code="c">NNU</subfield>
</datafield>
<datafield tag="041" ind1="1" ind2=" ">
<subfield code="a">ara</subfield>
<subfield code="h">fre</subfield>
</datafield>
<datafield tag="043" ind1=" " ind2=" ">
<subfield code="a">f-ua---</subfield>
</datafield>
<datafield tag="090" ind1=" " ind2=" ">
<subfield code="i">04/24/89 CT</subfield>
</datafield>
<datafield tag="100" ind1="1" ind2=" ">
<subfield code="a">Gouin, Edouard.</subfield>
</datafield>
<datafield tag="240" ind1="1" ind2="0">
<subfield code="a">Égypte au XIXe siècle.</subfield>
<subfield code="l">Arabic</subfield>
</datafield>
<datafield tag="245" ind1="1" ind2="0">
<subfield code="a">Miṣr fī al-qarn al-tāsiʻ ʻashara :</subfield>
<subfield code="b">sīrah jāmiʻah li-ḥawādith sākinī al-Jinān Muḥammad ʻAlī Bāshā wa-Ibrāhīm Bāshā wa-al-maghfūr la-hu Sulaymān Bāshā al-Faransī min al-nawāḥī al-ḥarbīyah wa-al-siyāsīyah wa-al-qiṣaṣīyah /</subfield>
<subfield code="c">taʼlīf Idwār Jawān ; naqalahu ilá al-lughah al-ʻArabīyah Muḥammad Masʻūd.</subfield>
</datafield>
<datafield tag="250" ind1=" " ind2=" ">
<subfield code="a">al-Ṭabʻah 3.</subfield>
</datafield>
<datafield tag="260" ind1=" " ind2=" ">
<subfield code="a">al-Qāhirah :</subfield>
<subfield code="b">[s.n.],</subfield>
<subfield code="c">1931.</subfield>
</datafield>
<datafield tag="300" ind1=" " ind2=" ">
<subfield code="a">798 p., [17] leaves of plates :</subfield>
<subfield code="b">ill. (some col.) ;</subfield>
<subfield code="c">26 cm.</subfield>
</datafield>
<datafield tag="651" ind1=" " ind2="0">
<subfield code="a">Egypt</subfield>
<subfield code="x">History</subfield>
<subfield code="y">19th century.</subfield>
</datafield>
<datafield tag="600" ind1="0" ind2="0">
<subfield code="a">Muḥammad ʻAlī Bāshā,</subfield>
<subfield code="c">Governor of Egypt,</subfield>
<subfield code="d">1769-1849.</subfield>
</datafield>
<datafield tag="600" ind1="0" ind2="0">
<subfield code="a">Ibrāhīm,</subfield>
<subfield code="c">Pasha,</subfield>
<subfield code="d">1789-1848.</subfield>
</datafield>
<datafield tag="OWN" ind1=" " ind2=" ">
<subfield code="a">GENERAL</subfield>
</datafield>
<datafield tag="903" ind1=" " ind2=" ">
<subfield code="a">OLD</subfield>
</datafield>
<datafield tag="950" ind1=" " ind2=" ">
<subfield code="l">BMAIN</subfield>
<subfield code="a">DT104</subfield>
<subfield code="b">.G6912 1931</subfield>
<subfield code="i">04/24/89 C</subfield>
</datafield>
<datafield tag="955" ind1=" " ind2=" ">
<subfield code="l">BMAIN</subfield>
<subfield code="c">1</subfield>
<subfield code="i">04/24/89 C</subfield>
</datafield>
<datafield tag="998" ind1=" " ind2=" ">
<subfield code="a">04/24/89</subfield>
<subfield code="t">c</subfield>
<subfield code="s">9114</subfield>
<subfield code="n">NNU</subfield>
<subfield code="w">NYUG89B10519</subfield>
<subfield code="d">03/30/89</subfield>
<subfield code="c">MG</subfield>
<subfield code="b">PJV</subfield>
<subfield code="i">890424</subfield>
<subfield code="l">NYUG</subfield>
</datafield>
<datafield tag="AVA" ind1=" " ind2=" ">
<subfield code="a">NYU50</subfield>
<subfield code="b">BOBST</subfield>
<subfield code="c">Main Collection</subfield>
<subfield code="d">DT104 .G6912 1931</subfield>
<subfield code="e">unavailable</subfield>
<subfield code="t">Unavailable</subfield>
<subfield code="f">1</subfield>
<subfield code="g">1</subfield>
<subfield code="h">N</subfield>
<subfield code="i">0</subfield>
<subfield code="j">MAIN</subfield>
<subfield code="k">0</subfield>
</datafield>
</record>
